@incollection{Inverse,
author = {Prof},
title = {Lecture 10},
booktitle = {Differential Equations, Part 1A Mathematical Tripos},
year = {Oct 2019}
}
@misc{Inverses,
author = {Prof Imre Leader},
chapter = {Lectures 6-7},
title = {Lectures 6-7, Numbers and Sets, Part 1A Mathematical Tripos},
month = {October},
year = {2019},
publisher = {University of Cambridge}
}