@article{Jonah10,
	Author = {Jonah Gibbon},
	Date-Added = {2020-05-12 09:32:42 +0100},
	Date-Modified = {2020-05-12 09:33:34 +0100},
	Journal = {Maths Weekly},
	Rating = {0},
	Title = {The great storm},
	Year = {2020}}
@article{Jonah20,
	Author = {Thomas Gibbon},
	Date-Added = {2020-05-12 09:32:42 +0100},
	Date-Modified = {2020-05-12 09:33:34 +0100},
	Journal = {Maths Monthly},
	Rating = {0},
	Title = {The great fire},
	Year = {2010}}