@article{Jonah10,
	Author = {Jonah Gibbon},
	Date-Added = {2020-05-12 09:32:42 +0100},
	Date-Modified = {2020-05-12 09:33:34 +0100},
	Journal = {Maths Weekly},
	Rating = {0},
	Title = {The great storm},
	Year = {2020}}
@article{Jonah20,
	Author = {Thomas Gibbon},
	Date-Added = {2020-05-12 09:32:42 +0100},
	Date-Modified = {2020-05-12 09:33:34 +0100},
	Journal = {Maths Monthly},
	Rating = {0},
	Title = {The great fire},
	Year = {2010}}
@misc{TheoryMG,
	Author = {Xi Geng},
	Title = {The Mathematical Theory of Moment Generating Functions},
	Chapter = {2. The uniqueness theorem},
	url = {https://researchers.ms.unimelb.edu.au/~xgge@unimelb/Files/Notes/The%20Mathematical%20Theory%20of%20Moment%20Generating%20Functions.pdf}}
@article{Rosenlight1969,
author = {Rosenlight, Maxwell},
journal = {Publications Mathématiques de l'IHÉS},
keywords = {commutative algebra},
language = {eng},
pages = {15-22},
publisher = {Institut des Hautes Études Scientifiques},
title = {On the explicit solvability of certain transcendental equations},
url = {http://eudml.org/doc/103891},
volume = {36},
year = {1969},
}
	