@article{Jonah10,
	Author = {Jonah Gibbon},
	Date-Added = {2020-05-12 09:32:42 +0100},
	Date-Modified = {2020-05-12 09:33:34 +0100},
	Journal = {Maths Weekly},
	Rating = {0},
	Title = {The great storm},
	Year = {2020}}
@article{Jonah20,
	Author = {Thomas Gibbon},
	Date-Added = {2020-05-12 09:32:42 +0100},
	Date-Modified = {2020-05-12 09:33:34 +0100},
	Journal = {Maths Monthly},
	Rating = {0},
	Title = {The great fire},
	Year = {2010}}
@incollection{AMES199250,
title = {2 - Parabolic Equations},
editor = {WILLIAM F. AMES},
booktitle = {Numerical Methods for Partial Differential Equations (Third Edition)},
publisher = {Academic Press},
edition = {Third Edition},
address = {San Diego},
pages = {55-57},
year = {1992},
series = {Computer Science and Scientific Computing},
isbn = {978-0-08-057130-0},
doi = {https://doi.org/10.1016/B978-0-08-057130-0.50009-9},
url = {https://www.sciencedirect.com/science/article/pii/B9780080571300500099},
author = {WILLIAM F. AMES}
}
@article{trefethen1996finite,
  title={Finite difference and spectral methods for ordinary and partial differential equations},
  author={Trefethen, Lloyd Nicholas},
  year={1996},
  publisher={Cornell University-Department of Computer Science and Center for Applied~â€¦}
}